<record><leader>00000cas a22000007a 4500</leader><controlfield tag="001">10130219</controlfield><controlfield tag="008">831115d18091811pauwr ne      0    0eng d</controlfield><datafield ind1=" " ind2=" " tag="010"><subfield code="a">sn 83032022 </subfield></datafield><datafield ind1=" " ind2=" " tag="040"><subfield code="a">NPU</subfield><subfield code="b">eng</subfield><subfield code="c">NPU</subfield><subfield code="d">NPX</subfield><subfield code="d">NPH</subfield><subfield code="d">MGN</subfield><subfield code="d">OCLCG</subfield><subfield code="d">OCLCQ</subfield></datafield><datafield ind1=" " ind2=" " tag="042"><subfield code="a">msc</subfield></datafield><datafield ind1="0" ind2=" " tag="130"><subfield code="a">American Republican (Downington, Pa. : 1809)</subfield></datafield><datafield ind1="1" ind2="4" tag="245"><subfield code="a">The American Republican.</subfield></datafield><datafield ind1=" " ind2=" " tag="260"><subfield code="a">Downington [Pa.] :</subfield><subfield code="b">Charles Mowry</subfield></datafield><datafield ind1=" " ind2=" " tag="300"><subfield code="a">v. ;</subfield><subfield code="c">51 cm.</subfield></datafield><datafield ind1=" " ind2=" " tag="310"><subfield code="a">Weekly</subfield></datafield><datafield ind1="1" ind2=" " tag="362"><subfield code="a">Began Aug. 1, 1809; ceased in July 1811.</subfield></datafield><datafield ind1=" " ind2=" " tag="515"><subfield code="a">Issue for July 4, 1810 is numbered v. 48, but constitutes v. 49.</subfield></datafield><datafield ind1=" " ind2=" " tag="515"><subfield code="a">Issues for &lt;Apr. 24, 1810&gt; called also &lt;vol. 1, no. 39&gt;.</subfield></datafield><datafield ind1=" " ind2=" " tag="525"><subfield code="a">Has occasional supplements.</subfield></datafield><datafield ind1=" " ind2=" " tag="588"><subfield code="a">Description based on: Aug. 29, 1809.</subfield></datafield><datafield ind1="1" ind2=" " tag="700"><subfield code="a">Mowry, C.</subfield><subfield code="q">(Charles),</subfield><subfield code="d">1777-1838.</subfield></datafield><datafield ind1=" " ind2=" " tag="752"><subfield code="a">United States</subfield><subfield code="b">Pennsylvania</subfield><subfield code="c">Chester</subfield><subfield code="d">Downington.</subfield></datafield><datafield ind1="0" ind2="0" tag="780"><subfield code="t">Temperate zone</subfield><subfield code="w">(DLC)sn 91070090</subfield></datafield><datafield ind1="0" ind2="0" tag="785"><subfield code="t">Downington American Republican</subfield><subfield code="w">(DLC)sn 86071351</subfield></datafield><datafield ind1="1" ind2=" " tag="029"><subfield code="a">AU@</subfield><subfield code="b">000025834073</subfield></datafield></record>